@article{nakamoto2008bitcoin,
  title={Bitcoin: A Peer-to-Peer Electronic Cash System},
  author={Nakamoto, Satoshi},
  journal={URL: https://bitcoin.org/bitcoin.pdf (accessed: 15.05.2015)},
  year={2008}
}
@misc{nuqud2021repository,
  title = {Nuqud Repository},
  howpublished = {\url{https://github.com/nuqud}},
  note = {(accessed: 21.07.2021)}
}
@misc{nqd2021etherscan,
  title = {Nuqud Smart Contract},
  howpublished = {\url{https://etherscan.io/token/ 0x395b73298780323cffdb92576ecb072b3616751a}},
  note = {(accessed: 21.07.2021)}
}
@book{ammous2018bitcoin,
  title={The bitcoin standard: the decentralized alternative to central banking},
  author={Ammous, Saifedean},
pages={128},  
year={2018},
  publisher={John Wiley \& Sons}
}
@article{oliva2020exploratory,
  title={An exploratory study of smart contracts in the Ethereum blockchain platform},
  author={Oliva, Gustavo A and Hassan, Ahmed E and Jiang, Zhen Ming},
  journal={Empirical Software Engineering},
  volume={25},
  number={3},
  pages={1864--1904},
  year={2020},
  publisher={Springer Nature BV}
}
@inproceedings{zheng2017overview,
  title={An overview of blockchain technology: Architecture, consensus, and future trends},
  author={Zheng, Zibin and Xie, Shaoan and Dai, Hongning and Chen, Xiangping and Wang, Huaimin},
  booktitle={2017 IEEE international congress on big data (BigData congress)},
  pages={557--564},
  year={2017},
  organization={IEEE}
}
@inproceedings{tsankov2018securify,
  title={Securify: Practical security analysis of smart contracts},
  author={Tsankov, Petar and Dan, Andrei and Drachsler-Cohen, Dana and Gervais, Arthur and Buenzli, Florian and Vechev, Martin},
  booktitle={Proceedings of the 2018 ACM SIGSAC Conference on Computer and Communications Security},
  pages={67--82},
  year={2018}
}
@article{kirrmann2005fault,
  title={Fault tolerant computing in industrial automation},
  author={Kirrmann, Hubert},
  journal={ABB Research Center},
  year={2005}
}
@misc{uniswap2020protocol,
  title = {Uniswap},
  howpublished = {\url{https://app.uniswap.org/}},
  note = {(accessed: 20.06.2020)}
}
@misc{liquidity2021pools,
  title = {Liquidity Pools in DeFi},
  howpublished = {\url{https://academy.binance.com/en/articles/what-are-liquidity-pools-in-defi}},
  note = {(accessed: 21.07.2021)}
}
@misc{usd2020inflation,
  title = {Annual inflation},
  howpublished = {\url{https://www.statista.com/statistics/244983/projected-inflation-rate-in-the-united-states/}},
  note = {(accessed: 21.07.2021)}
}
@book{hayek1971tiger,
  title={Tiger by the Tail, A},
  author={Hayek, Friedrich August},
  volume={4},
pages={126},
  year={1971},
  publisher={Ludwig von Mises Institute}
}
@misc{usd2020volatility,
  title = {Annual volatility of USD},
  howpublished = {\url{https://vlab.stern.nyu.edu/analysis}},
  note = {(accessed: 20.06.2020)}
}
@misc{btc2021volatility,
  title = {Annual volatility of BTC},
  howpublished = {\url{https://blockchair.com/bitcoin}},
  note = {(accessed: 21.07.2021)}
}
